@article{Choi_2016,
   title={MESA ISOCHRONES AND STELLAR TRACKS (MIST). I. SOLAR-SCALED MODELS},
   volume={823},
   ISSN={1538-4357},
   url={http://dx.doi.org/10.3847/0004-637X/823/2/102},
   DOI={10.3847/0004-637x/823/2/102},
   number={2},
   journal={The Astrophysical Journal},
   publisher={American Astronomical Society},
   author={Choi, Jieun and Dotter, Aaron and Conroy, Charlie and Cantiello, Matteo and Paxton, Bill and Johnson, Benjamin D.},
   year={2016},
   month={May},
   pages={102}
}

@article{Garraffo_2018,
   title={The Revolution Revolution: Magnetic Morphology Driven Spin-down},
   volume={862},
   ISSN={1538-4357},
   url={http://dx.doi.org/10.3847/1538-4357/aace5d},
   DOI={10.3847/1538-4357/aace5d},
   number={1},
   journal={The Astrophysical Journal},
   publisher={American Astronomical Society},
   author={Garraffo, C. and Drake, J. J. and Dotter, A. and Choi, J. and Burke, D. J. and Moschou, S. P. and Alvarado-GÃ³mez, J. D. and Kashyap, V. L. and Cohen, O.},
   year={2018},
   month={Jul},
   pages={90}
}

@online{CrossVal,
  author = {{Ethen8181} github.io},
  title = {{K-fold Cross Validation} Visual Description},
  year = 2020,
  url = {http://ethen8181.github.io/machine-learning/model_selection/model_selection.html},
  urldate = {2020-01-21}
}
